<record><leader>00000cas a22000007a 4500</leader><controlfield tag="001">15480014</controlfield><controlfield tag="008">870403d18501852iauwr ne      0    0eng d</controlfield><datafield ind1=" " ind2=" " tag="010"><subfield code="a">sn 87058104 </subfield></datafield><datafield ind1=" " ind2=" " tag="040"><subfield code="a">INP</subfield><subfield code="b">eng</subfield><subfield code="c">INP</subfield><subfield code="d">OCLCQ</subfield></datafield><datafield ind1=" " ind2=" " tag="042"><subfield code="a">msc</subfield></datafield><datafield ind1="0" ind2=" " tag="130"><subfield code="a">Western Democrat (Andrew, Iowa)</subfield></datafield><datafield ind1="1" ind2="0" tag="245"><subfield code="a">Western Democrat.</subfield></datafield><datafield ind1=" " ind2=" " tag="260"><subfield code="a">Andrew, Iowa :</subfield><subfield code="b">Dorr &amp; Wright,</subfield><subfield code="c">1850-1852.</subfield></datafield><datafield ind1=" " ind2=" " tag="300"><subfield code="a">2 v.</subfield></datafield><datafield ind1=" " ind2=" " tag="310"><subfield code="a">Weekly</subfield></datafield><datafield ind1="0" ind2=" " tag="362"><subfield code="a">Vol. 2, no. 1 (Nov. 27, 1850)-v. 3, no. 45 (Oct. 6, 1852).</subfield></datafield><datafield ind1=" " ind2=" " tag="500"><subfield code="a">Publisher varies.</subfield></datafield><datafield ind1=" " ind2=" " tag="500"><subfield code="a">Published in Andrew, Iowa, Nov. 27, 1850-Sept. 24, 1851; in Bellevue, Iowa, Oct. 1, 1851-Oct. 6, 1852.</subfield></datafield><datafield ind1=" " ind2=" " tag="752"><subfield code="a">United States</subfield><subfield code="b">Iowa</subfield><subfield code="c">Jackson</subfield><subfield code="d">Andrew.</subfield></datafield><datafield ind1=" " ind2=" " tag="752"><subfield code="a">United States</subfield><subfield code="b">Iowa</subfield><subfield code="c">Jackson</subfield><subfield code="d">Bellevue.</subfield></datafield><datafield ind1="0" ind2="0" tag="780"><subfield code="t">Western Democrat and common school journal</subfield><subfield code="w">(DLC)sn 87058103</subfield></datafield><datafield ind1="0" ind2="0" tag="785"><subfield code="t">Jackson press</subfield><subfield code="w">(DLC)sn 85025818</subfield></datafield></record>